<?xml version="1.0" encoding="UTF-8"?><record xmlns="http://www.loc.gov/MARC21/slim" xmlns:cinclude="http://apache.org/cocoon/include/1.0" xmlns:zs="http://www.loc.gov/zing/srw/">
  <leader>00499nz  a2200133n  4500</leader>
  <controlfield tag="001">n 2014181426</controlfield>
  <controlfield tag="003">DLC</controlfield>
  <controlfield tag="005">20140224115919.0</controlfield>
  <controlfield tag="008">140221n| azannaabn          |n aaa      </controlfield>
  <datafield tag="010" ind1=" " ind2=" ">
    <subfield code="a">n 2014181426</subfield>
  </datafield>
  <datafield tag="035" ind1=" " ind2=" ">
    <subfield code="a">(DNLM)1603330</subfield>
  </datafield>
  <datafield tag="040" ind1=" " ind2=" ">
    <subfield code="a">DNLM</subfield>
    <subfield code="b">eng</subfield>
    <subfield code="e">rda</subfield>
    <subfield code="c">DNLM</subfield>
  </datafield>
  <datafield tag="100" ind1="1" ind2=" ">
    <subfield code="a">Lay, Joanne</subfield>
  </datafield>
  <datafield tag="670" ind1=" " ind2=" ">
    <subfield code="a">Intellectual disability in health and social care, 2014:</subfield>
    <subfield code="b">ECIP t.p. (Joanne Lay) data view (learning disability nurse currently working as a nurse lecturer in the School of Healthcare, University of Leeds, UK)</subfield>
  </datafield>
</record>